2730 4862
487 414 650 434 .........
880 359 883 366 ’
994 388 1110 440 xxus

38 577 61 614 a
85 553 164 613 Saldo
191 552 250 612 ben
276 533 380 612 bamisl
407 547 541 630 edimur,
563 554 617 614 'ex
643 571 752 634 magno
781 553 1001 618 cantilenarum
1022 555 1104 620 libro

46 663 129 790 ’,uill
152 651 254 772 &gill
280 659 369 754 :aliis
401 689 506 750 sumai.
549 689 644 753 Varia
672 701 850 770 arguments
873 689 947 754 baec
971 692 1106 755 carmina

48 843 195 918 celebrant,
233 839 466 919 abstinentiam,
500 809 701 918 modestiam,
737 844 933 924 patientiam,
962 867 1105 910 mansus·

47 963 183 1037 tudinem,
209 945 417 1042 jocationem,
454 962 556 1043 fugam
578 964 742 1043 temporis,
770 963 943 1052 fortunam,
978 931 1106 1055 caelum

49 1066 200 1156 columbae,
226 1085 379 1155 amorem,
406 1091 599 1143 venustatem
612 1083 793 1159 mulierum,
816 1085 1012 1164 splendorem
1029 1067 1132 1146 novi*¹

49 1201 131 1272 veris,
151 1200 295 1288 ¹vinum,
333 1209 443 1279 potam
474 1201 679 1281 matutinum,
716 1204 817 1293 lenem
849 1223 975 1280 auram,
1014 1223 1106 1284 poma

49 1318 166 1379 autentis
193 1319 255 1378 alta
280 1319 355 1381 nive
380 1319 535 1399 inspersa,
571 1332 797 1384 murmurantes
825 1323 922 1384 undas
944 1341 1107 1402 ramosque

48 1438 173 1498 flexiles*
216 1440 304 1516 Quae
340 1438 473 1519 denique
508 1462 525 1500 a
556 1461 635 1520 pag„
657 1441 714 1502 168
751 1443 789 1502 sd
818 1463 886 1521 pag.
918 1442 977 1522 ,76
1005 1442 1107 1521 posits
1213 1522 1216 1530 1

48 1556 186 1635 leguntur,
222 1557 440 1637 epigrammata
461 1567 534 1618 eunt
553 1559 585 1620 in
609 1560 712 1634 varias
735 1551 1002 1641 ssoressspomaqua
1021 1559 1107 1622 varia

49 1675 128 1750 licta,
161 1687 193 1762 et
222 1663 348 1754 quidem
369 1677 403 1736 in
423 1676 641 1768 nymphaeam,
672 1651 859 1754 narcissum,
889 1699 1006 1754 rosam,
1034 1677 1107 1738 rio-

49 1794 109 1868 lsm,
134 1794 299 1866 lauccion,
332 1793 515 1875 jarminum,
545 1817 647 1856 rosam
677 1797 832 1873 caninam,
862 1798 1013 1874 ocimum,
1046 1798 1106 1858 flo-

49 1933 100 1973 rem
125 1915 195 1974 mali
217 1923 381 1993 grauatae,
416 1913 526 1982 florem
547 1913 634 1994 pomi
655 1936 782 1994 aureae,
814 1917 924 1980 florem
945 1915 1108 1994 amygdali,

48 2033 137 2093 florem
151 2033 226 2092 mali
237 2032 390 2112 persicae,
411 2017 552 2104 salicem,
575 2035 751 2094 tamaricem
760 2059 772 2110 ,·
792 2033 904 2122 deiude
920 2033 954 2091 in
969 2053 1105 2112 pomum,

47 2151 140 2212 malum
168 2153 317 2228 citream,
355 2153 470 2213 malum
490 2154 712 2229 armeniacum,
748 2152 959 2232 amygdalum,
992 2152 1108 2212 malum

48 2289 168 2347 aureum,
195 2271 379 2350 pistacium,
414 2272 534 2351 pirum,
569 2273 724 2352 dactylos,
759 2271 853 2332 ficum
874 2261 907 2331 et
926 2270 1108 2331 arundinem

48 2388 172 2449 sacchsri.
223 2393 275 2450 Eu
304 2410 366 2468 quo
394 2409 514 2490 genera
530 2392 629 2452 multa
657 2391 738 2472 apud
764 2391 881 2452 Arabes
907 2376 1108 2468 reperiuntur

47 2506 131 2584 lepide
152 2517 185 2568 ct
205 2517 296 2568 acute
317 2507 424 2570 dicta„

82 2683 87 2698 ⁸
114 2661 175 2740 Qui
208 2682 311 2736 vero,
339 2671 512 2740 ¹postquam
546 2660 603 2721 hac
639 2657 875 2721 chrestomathia
910 2671 1038 2730 tractata
1074 2663 1108 2721 in

45 2779 163 2859 legendis
190 2781 322 2844 arabicis
346 2779 538 2862 aliquantum
566 2801 599 2840 se
625 2788 850 2863 exercuerunt,
886 2779 1055 2840 adultiora
1077 2789 1109 2840 et

46 2899 207 2965 difficiliora
238 2887 385 2978 pro'gredi
413 2899 576 2978 cupiunt„
595 2898 635 2958 iis
663 2898 808 2977 inprimis
837 2896 1110 2958 commendandam

45 3015 125 3078 babeo
158 3017 431 3079 chrestomsthiam
465 3017 614 3108 arabicam
648 3017 799 3107 ¹simplam,
839 3035 857 3076 a
887 3011 1041 3078 Silvestre
1070 3015 1109 3076 <le

46 3140 124 3218 Sacy,
161 3135 297 3204 viroin
326 3133 376 3198 his
410 3135 527 3196 litteris
563 3137 653 3216 apud·
671 3155 728 3196 nos
759 3133 920 3215 principe,
955 3133 1108 3212 Lutetiae,
1197 3133 1203 3151 '

45 3273 79 3315 so.
102 3256 178 3316 1826
205 3257 322 3316 iterum
350 3251 478 3331 editam,
510 3255 593 3336 justa
622 3249 712 3316 laude
748 3255 948 3326 cumulatam,
978 3233 1023 3314 'cix
1049 3275 1109 3334 qua

45 3371 69 3429 id
93 3395 214 3454 quoquc
236 3372 361 3448 ¹tirones
391 3371 525 3452 discant,
562 3393 653 3453 qnam
682 3373 778 3433 multa
797 3373 831 3432 in
861 3372 951 3432 libris
977 3373 1108 3432 arabicis

45 3496 205 3573 consignata
226 3487 398 3554 sint'lectu
417 3489 536 3570 ‹ligna-
560 3493 631 3568 Quo
654 3511 723 3550 cum
744 3475 900 3553 saliendo
921 3490 1003 3551 libro
1016 3511 1108 3570 prae-

45 3609 112 3670 claro
138 3575 264 3670 utiliter
291 3609 384 3670 etism
406 3610 611 3690 conjungetur
632 3597 726 3668 lectio
750 3599 944 3688 anthblogise
962 3607 1108 3684 arabicae,
1154 3587 1156 3592 Ι

44 3748 56 3782 a
79 3731 248 3808 Grangeret
278 3729 316 3796 de
344 3723 519 3808 Lagrange,
552 3700 625 3786 viro
659 3729 809 3788 sermonis
840 3727 953 3786 arabici
980 3723 1109 3804 peritis-

43 3845 123 3917 simo,
157 3821 521 3922 Lutetiae,⁸ao..1828
553 3845 668 3920 editae,
714 3865 774 3924 qus
811 3854 920 3905 auctor
945 3823 1109 3922 ⁸praeclara
1170 3891 1173 3904 .

42 3965 140 4041 multa,
175 3986 216 4024 ex
243 3963 332 4042 poesi
352 3965 489 4026 Arabum
511 3964 704 4044 deprompta,
740 3929 920 4043 complexus
941 3970 996 4022 est.
1039 3961 1109 4022 Etsi

42 4083 111 4142 enim
139 4083 175 4143 bi
201 4082 279 4144 libri
310 4083 440 4164 adjectis
472 4083 583 4144 lexicis
612 4081 768 4162 explanari
793 4101 856 4142 nou
877 4080 956 4156 sint,
988 4079 1109 4168 aflslitse
1185 4159 1186 4163 Ἰ
